<?xml version="1.0" encoding="UTF-8"?><collection xmlns="http://www.loc.gov/MARC21/slim"><record><leader>00612nam--2200181-i-4500</leader><controlfield tag="001">000022771</controlfield><controlfield tag="002">20161230</controlfield><controlfield tag="005">20161230201034</controlfield><controlfield tag="008">060222s1000------------r-----000-0-eng-d</controlfield><datafield ind1=" " ind2=" " tag="040"><subfield code="a">IFIN-HH</subfield></datafield><datafield ind1=" " ind2=" " tag="080"><subfield code="a">539.14</subfield></datafield><datafield ind1="1" ind2=" " tag="100"><subfield code="a">Matthias, E</subfield></datafield><datafield ind1="1" ind2="0" tag="245"><subfield code="a">Hyperfine structure and nuclear radiations</subfield><subfield code="b">Proceedings of a conference held at asilomar, pacific grove, california, usa, august 25-30, 1967</subfield><subfield code="c">E. matthias, d.a. shirley (eds.)</subfield></datafield><datafield ind1=" " ind2=" " tag="260"><subfield code="a">Amsterdam</subfield><subfield code="b">North-holland Publishing Company</subfield><subfield code="c">1968</subfield></datafield><datafield ind1=" " ind2=" " tag="300"><subfield code="a">XIII + 1097 P</subfield></datafield><datafield ind1="1" ind2=" " tag="700"><subfield code="a">Shirley, D.A</subfield><subfield code="e">Ed</subfield></datafield><datafield ind1=" " ind2=" " tag="852"><subfield code="a">29134</subfield><subfield code="c">539.14</subfield></datafield><datafield ind1=" " ind2=" " tag="CAT"><subfield code="a">Sys</subfield><subfield code="c">20110802</subfield><subfield code="h">143017</subfield></datafield></record></collection>